@Article{SonFukGre13,
  author = 	 {L. Song and K. Fukumizu and A. Gretton},
  title = 	 {Kernel Embeddings of Conditional Distributions: A Unified Kernel Framework for Nonparametric Inference in Graphical Models},
  journal = 	 {IEEE Signal Processing Magazine},
  year = 	 {2013},
  volume = 	 {30},
  number = 	 {4},
  pages = 	 {98--111},
  pdf = {papers/SonFukGre13.pdf}
}

@INPROCEEDINGS{szabo15twostage,
  AUTHOR =       {Z. Szab{\'o} and A. Gretton and B. P{\'o}czos and B. Sriperumbudur},
  TITLE =        {Two-stage Sampled Learning Theory on Distributions},
  BOOKTITLE =    {International Conference on Artificial Intelligence and Statistics (AISTATS)},
  YEAR =         {2015},
  address =      {San Diego, California, USA},
  pages =        {948--957}
}

@inproceedings{RahimiRecht2007,
author = {Rahimi, A. and Recht, B.},
booktitle = {{Advances in Neural Information Processing Systems}},
title = {{Random features for large-scale kernel machines}},
year = {2007}
}

@inproceedings{LeSarlosSmola2013,
author = {Le, Q. and Sarlos, T. and Smola, A.},
title= {{Fastfood - computing Hilbert space expansions in loglinear time}},
booktitle = {Proceedings of the International Conference on Machine Learning, JMLR W\&CP},
volume = {28},
pages = {244-252},
year = {2013}
}

@INPROCEEDINGS{CortesMohriTaiwalkar2010,
  AUTHOR =       {Corinna Cortes and Mehryar Mohri and Ameet Taiwalkar},
  TITLE =        {On the Impact of Kernel Approximations on Learning Accuracy},
  BOOKTITLE =    {AISTATS},
  YEAR =         {2010},
}
@Book{BerTho04,
  author =   {A. Berlinet and C. {Thomas-Agnan}},
  title =    {Reproducing Kernel Hilbert Spaces in Probability and Statistics},
  publisher =    {Kluwer},
  year =     {2004},
}
@Book{ScholkopfSmola02,
  author =   {B. Sch\"{o}lkopf and A. Smola},
  title =    {Learning with Kernels: Support Vector Machines, Regularization, Optimization and Beyond},
  publisher =    {MIT Press},
  year =     {2002},
}
@Book{RasmussenWilliams06,
  author =   {C.E. Rasmussen and C. Williams},
  title =    {Gaussian Processes for Machine Learning},
  publisher =    {MIT Press},
  year =     {2006},
}
@TECHREPORT{Bach2015,
  AUTHOR =        {F. Bach},
  TITLE =         {On the Equivalence between Quadrature Rules and Random Features},
  NUMBER =        {HAL-01118276},
  URL   =         {https://hal.archives-ouvertes.fr/hal-01118276/document},
  YEAR =         {2015},
}

@article{Steinwart2001,
author = {Steinwart, Ingo},
journal = {J. Mach. Learn. Res.},
pages = {67--93},
title = {{On the influence of the kernel on the consistency of support vector machines}},
volume = {2},
year = {2001}
}
